@book{bauer2018,
  title = {Die Vereindeutigung der Welt über den Verlust an Mehrdeutigkeit und Vielfalt},
  author = {Bauer, Thomas},
  year = {2018},
  edition = {3. Auflage},
  publisher = {Reclam}
}

@book{bauman2016,
  title = {Moderne und Ambivalenz: Das Ende der Eindeutigkeit},
  author = {Bauman, Zygmunt},
  year = {2016},
  publisher = {Hamburger Edition HIS}
}

@online{diercks2017,
  title = {BOA gewinnt HR Excellence Award – doch wie funktioniert die Berufsorientierung für Absolventen auf ZEIT ONLINE eigentlich?},
  author = {Diercks, Jo},
  year = {2017},
  url = {https://blog.recrutainment.de/2017/11/29/boa-gewinnt-hr-excellence-award-doch-wie-funktioniert-die-berufsorientierung-fuer-absolventen-auf-zeit-online-eigentlich/},
  note = {Recrutainment Blog}
}

@book{gutzmer2020,
  title = {Haltung: Warum die Wirtschaft mehr davon braucht -- und die Architektur sie schon hat},
  author = {Gutzmer, Alexander},
  year = {2020},
  publisher = {Springer Fachmedien Wiesbaden},
  doi = {10.1007/978-3-658-30287-0}
}

@book{hruby2014,
  title = {Global Mindsets: Überblick und Bedeutung für Unternehmen und Organisationen},
  author = {Hruby, Jörg},
  year = {2014},
  publisher = {Springer Fachmedien Wiesbaden},
  doi = {10.1007/978-3-658-06052-7}
}

@article{kozica2025,
  title = {Kluges Fragen},
  author = {Kozica, Arjan and Haas, Oliver},
  year = {2025},
  journal = {OrganisationsEntwicklung},
  volume = {1}
}

@book{lazarus1984,
  title = {Stress, Appraisal, and Coping},
  author = {Lazarus, Richard S. and Folkman, Susan},
  year = {1984},
  publisher = {Springer Publishing Company}
}

@book{morschitzky2009,
  title = {Angststörungen: Diagnostik, Konzepte, Therapie, Selbsthilfe},
  author = {Morschitzky, Hans},
  year = {2009},
  edition = {4. Auflage},
  publisher = {Springer-Verlag}
}

@book{roth2019,
  title = {Warum es so schwierig ist, sich und andere zu ändern: Persönlichkeit, Entscheidung und Verhalten},
  author = {Roth, Gerhard},
  year = {2019},
  publisher = {Klett-Cotta}
}

@misc{stulle2024,
  title = {Talent Klima Index},
  author = {Stulle, Klaus and Beenen, Anja},
  year = {2024},
  note = {Bericht, 1. Halbjahr 2024}
}

@misc{witte2024,
  title = {Thomas Saueressig über seinen Aufstieg bei SAP zum jüngsten Vorstand},
  author = {Witte, Claudia},
  year = {2024},
  note = {Artikel, Quelle fehlt}
}

@book{zeh2022,
  title = {Über Menschen: Roman},
  author = {Zeh, Juli},
  year = {2022},
  edition = {2. Auflage},
  publisher = {btb Verlag}
}
