@book{bauer2018,
  title = {{Die Vereindeutigung der Welt {\"u}ber den Verlust an Mehrdeutigkeit und Vielfalt}},
  author = {Bauer, Thomas},
  year = {2018},
  edition = {3. Auflage},
  publisher = {Reclam},
  address = {Ditzingen},
  isbn = {978-3-15-019492-8},
  langid = {german},
  keywords = {nosource}
}

@book{bauman2016,
  title = {Moderne Und Ambivalenz: {{Das Ende}} Der {{Eindeutigkeit}}},
  author = {Bauman, Zygmunt},
  year = {2016},
  publisher = {Hamburger Edition HIS}
}

@book{gutzmer2020,
  title = {{Haltung: Warum die Wirtschaft mehr davon braucht -- und die Architektur sie schon hat}},
  shorttitle = {{Haltung}},
  author = {Gutzmer, Alexander},
  year = {2020},
  publisher = {Springer Fachmedien Wiesbaden},
  address = {Wiesbaden},
  doi = {10.1007/978-3-658-30287-0},
  urldate = {2025-04-21},
  copyright = {https://www.springer.com/tdm},
  isbn = {978-3-658-30286-3 978-3-658-30287-0},
  langid = {ngerman},
  file = {/Users/sebastiansukstorf/Zotero/storage/38V9PN8P/Gutzmer - 2020 - Haltung Warum die Wirtschaft mehr davon braucht –.pdf}
}

@book{hruby2014,
  title = {{Global Mindsets: {\"U}berblick und Bedeutung f{\"u}r Unternehmen und Organisationen}},
  shorttitle = {{Global Mindsets}},
  author = {Hruby, J{\"o}rg},
  year = {2014},
  series = {{essentials}},
  publisher = {Springer Fachmedien Wiesbaden},
  address = {Wiesbaden},
  doi = {10.1007/978-3-658-06052-7},
  urldate = {2025-04-21},
  copyright = {https://www.springernature.com/gp/researchers/text-and-data-mining},
  isbn = {978-3-658-06051-0 978-3-658-06052-7},
  langid = {ngerman}
}

@article{kozica2025,
  title = {{Kluges Fragen}},
  author = {Kozica, Arjan and Haas, Oliver},
  year = {2025},
  journal = {OrganisationsEntwicklung},
  volume = {01},
  urldate = {2025-04-19},
  abstract = {In Zeiten kontinuierlichen Wandels steigt der Wunsch nach Orientierung. Das gilt f{\"u}r Gesellschaften wie f{\"u}r Organisationen. Daf{\"u}r ist es jedoch n{\"o}tig, aus dem t{\"a}glichen Handeln auszusteigen und innezuhalten. Nicht selten wird jedoch entschleunigen als langsam sein fehlinterpretiert. Das f{\"u}hrt dazu, dass wir nicht nur vor lauter B{\"a}umen den Wald nicht mehr sehen, sondern uns immer [{\dots}]},
  langid = {ngerman}
}

@book{morschitzky2009,
  title = {{Angstst{\"o}rungen: Diagnostik, Konzepte, Therapie, Selbsthilfe}},
  shorttitle = {{Angstst{\"o}rungen}},
  author = {Morschitzky, Hans},
  year = {2009},
  edition = {Vierte, {\"u}berarbeitete und erweiterte Auflage},
  publisher = {Springer-Verl},
  address = {Wien},
  isbn = {978-3-211-09449-5 978-3-211-09448-8},
  langid = {german},
  file = {/Volumes/192.168.178.158/bibattachement/morschitzky_2009.pdf}
}

@book{roth2019,
  title = {{Warum es so schwierig ist, sich und andere zu {\"a}ndern: Pers{\"o}nlichkeit, Entscheidung und Verhalten}},
  shorttitle = {{Warum es so schwierig ist, sich und andere zu {\"a}ndern}},
  author = {Roth, Gerhard},
  year = {2019},
  edition = {1st ed},
  publisher = {Klett-Cotta},
  address = {Stuttgart},
  isbn = {978-3-608-96456-1 978-3-608-19185-1},
  langid = {german}
}

@techreport{stulle2024,
  title = {Talent {{Klima Index}}},
  shorttitle = {Im {{Fokus}}: {{Zukunftskompetenzen}} F{\"u}r {{F{\"u}hrungskr{\"a}fte}}},
  author = {Stulle, Klaus and Beenen, Anja},
  year = {2024},
  number = {1. Halbjahr 2024},
  address = {K{\"o}ln},
  urldate = {2025-03-13},
  file = {/Users/sebastiansukstorf/Zotero/storage/XFBZYMJY/TKI-Ergebnisse-Hb1-2024.pdf.pdf}
}

@article{witte2024,
  title = {Thomas {{Saueressig}} {\"U}ber Seinen {{Aufstieg}} Bei {{SAP}} Zum J{\"u}ngsten {{Vorstand}}},
  author = {Witte, Claudia},
  year = {2024}
}

@book{zeh2022,
  title = {{{\"U}ber Menschen: Roman}},
  shorttitle = {{{\"U}ber Menschen}},
  author = {Zeh, Juli},
  year = {2022},
  edition = {2. Auflage},
  publisher = {btb (in der Penguin Random House Verlagsgruppe)},
  address = {M{\"u}nchen [Munich, Germany]},
  abstract = {"Dora ist mit ihrer kleinen H{\"u}ndin aufs Land gezogen. Sie brauchte dringend einen Tapetenwechsel, mehr Freiheit, Raum zum Atmen. Aber ganz so idyllisch wie gedacht ist Bracken, das kleine Dorf im brandenburgischen Nirgendwo, nicht. In Doras Haus gibt es noch keine M{\"o}bel, der Garten gleicht einer Wildnis, und die Busverbindung in die Kreisstadt ist ein Witz. Vor allem aber verbirgt sich hinter der hohen Gartenmauer ein Nachbar, der mit kahlrasiertem Kopf und rechten Spr{\"u}chen s{\"a}mtlichen Vorurteilen zu entsprechen scheint. Geflohen vor dem Lockdown in der Grossstadt muss Dora sich fragen, was sie in dieser anarchischen Leere sucht.... " -- adapted from publisher's description},
  isbn = {978-3-442-77219-3},
  langid = {german},
  keywords = {nosource},
  annotation = {OCLC: 1349351750},
  file = {/Users/sebastiansukstorf/Zotero/storage/TXCPVCFK/Zeh - 2022 - Über Menschen Roman.pdf}
}
